<record><leader>00000cas a22000007a 4500</leader><controlfield tag="001">10963501</controlfield><controlfield tag="008">840718c18659999iauwr ne      0    0eng d</controlfield><datafield ind1=" " ind2=" " tag="010"><subfield code="a">sn 84027246 </subfield></datafield><datafield ind1=" " ind2=" " tag="040"><subfield code="a">NPU</subfield><subfield code="b">eng</subfield><subfield code="c">NPU</subfield><subfield code="d">NPX</subfield><subfield code="d">INP</subfield><subfield code="d">NVF</subfield><subfield code="d">OCLCQ</subfield><subfield code="d">OCLCF</subfield><subfield code="d">OCLCO</subfield></datafield><datafield ind1="1" ind2=" " tag="029"><subfield code="a">AU@</subfield><subfield code="b">000020382384</subfield></datafield><datafield ind1=" " ind2=" " tag="042"><subfield code="a">msc</subfield></datafield><datafield ind1="0" ind2="0" tag="245"><subfield code="a">Monticello express.</subfield></datafield><datafield ind1=" " ind2=" " tag="260"><subfield code="a">Monticello, Iowa :</subfield><subfield code="b">O.D. Crane,</subfield><subfield code="c">1865-</subfield></datafield><datafield ind1=" " ind2=" " tag="300"><subfield code="a">v. :</subfield><subfield code="b">ill. ;</subfield><subfield code="c">56-61 cm.</subfield></datafield><datafield ind1=" " ind2=" " tag="310"><subfield code="a">Weekly,</subfield><subfield code="b">May 26, 1960-</subfield></datafield><datafield ind1=" " ind2=" " tag="321"><subfield code="a">Weekly,</subfield><subfield code="b">July 10, 1865-Aug. 27, 1953</subfield></datafield><datafield ind1=" " ind2=" " tag="321"><subfield code="a">Semiweekly,</subfield><subfield code="b">Aug. 31, 1953-May 19, 1960</subfield></datafield><datafield ind1="0" ind2=" " tag="362"><subfield code="a">Vol. 1, no. 1 (July 10, 1865)-</subfield></datafield><datafield ind1=" " ind2=" " tag="500"><subfield code="a">"Our country, right or wrong."</subfield></datafield><datafield ind1=" " ind2=" " tag="500"><subfield code="a">Monticello "centennial edition" published Oct. 15, 1936.</subfield></datafield><datafield ind1=" " ind2=" " tag="500"><subfield code="a">Special "Iowa territorial centennial edition" published as v. 74, no. 6 (Aug. 11, 1938).</subfield></datafield><datafield ind1=" " ind2=" " tag="500"><subfield code="a">Special "Centennial fair edition" published as v. 89, no. 8 (Aug. 20, 1953).</subfield></datafield><datafield ind1=" " ind2=" " tag="500"><subfield code="a">Special "Centennial edition" published July 10, 1965.</subfield></datafield><datafield ind1=" " ind2=" " tag="500"><subfield code="a">Publisher varies.</subfield></datafield><datafield ind1=" " ind2=" " tag="500"><subfield code="a">Originally edited by: O.D. Crane.</subfield></datafield><datafield ind1=" " ind2="0" tag="651"><subfield code="a">Monticello (Iowa)</subfield><subfield code="v">Newspapers.</subfield></datafield><datafield ind1=" " ind2="7" tag="655"><subfield code="a">Newspapers.</subfield><subfield code="2">fast</subfield><subfield code="0">(OCoLC)fst01423814</subfield></datafield><datafield ind1=" " ind2="7" tag="651"><subfield code="a">Iowa</subfield><subfield code="z">Monticello.</subfield><subfield code="2">fast</subfield><subfield code="0">(OCoLC)fst01235820</subfield></datafield><datafield ind1=" " ind2=" " tag="752"><subfield code="a">United States</subfield><subfield code="b">Iowa</subfield><subfield code="c">Jones</subfield><subfield code="d">Monticello.</subfield></datafield><datafield ind1="0" ind2="5" tag="780"><subfield code="t">Monticello times (Monticello, Iowa)</subfield><subfield code="g">1929</subfield></datafield></record>